@article{artikel10,
abstract = {},
arxivId = {2201.00162},
author = {Ministry of the Interior and Kingdom Relations},
title = {{De nederlandse Grodwet}},
url = {https://www.denederlandsegrondwet.nl/id/via0hb5jcjzv/artikel_10_privacy },
year = {2022}
}

@article{CNN,
abstract = {},
arxivId = {2201.00162},
author = {Prafful Mishra},
title = {{Why are Convolutional Neural Networks good for image classification?}},
url = {https://medium.datadriveninvestor.com/why-are-convolutional-neural-networks-good-for-image-classification-146ec6e865e8 },
year = {2019}
}

@article{PQ,
abstract = {},
arxivId = {2201.00162},
author = {Harshit Kumar},
title = {{Introduction to Panoptic Segmentation: A Tutorial}},
url = {https://kharshit.github.io/blog/2019/10/18/introduction-to-panoptic-segmentation-tutorial},
year = {2019}
}

@article{regDe,
abstract = {},
author = {Yang Cao1,2, Ke Gao1 , Sheng Tang1 , Yongdong Zhang1},
title = {{A Representative Local Region Detector Based On Color-Contrast-MSER
}},
year = {2014}
}

@article{htm,
abstract = {},
author = {Xiaohu YANG, Deliang JIANG},
title = {{Converting PDF to HTML approach based on Text Detection 

}},
year = {2009}
}


@article{wir,
abstract = {},
author = {Christopher (Cal) Lee, Kam Woods},
title = {{Automated Redaction of Private and Personal Data in Collections}},
url = {https://ils.unc.edu/callee/p298-lee.pdf},
year = {2012}
}

@article{wirr,
author = {Adobe},
title = {{Why redact or remove sensitive content?}},
url = {
https://helpx.adobe.com/acrobat/using/removing-sensitive-content-pdfs.html#:~:text=Redaction%20is%20the%20process%20of,can%20leave%20the%20ar a%20blank.
},
year = {2021}
}

@article{reda,
abstract = {},
author = {David A. Clunie, Dan Gebow},
title = {{Block selective redaction for minimizing loss during de-identification of burned in text in irreversibly compressed JPEG medical images}},
url = {https://www.spiedigitallibrary.org/journals/journal-of-medical-imaging/volume-2/issue-1/016501/Block-selective-redaction-for-minimizing-loss-during-de-identification-of/10.1117/1.JMI.2.1.016501.full?SSO=1 },
year = {2015}
}

@article{how,
abstract = {},
author = {Tribhuvanesh Orekondy,  Mario Fritz,  Bernt Schiele },
title = {{Connecting Pixels to Privacy and Utility:
Automatic Redaction of Private Information in Images}},
url = {https://openaccess.thecvf.com/content_cvpr_2018/papers/Orekondy_Connecting_Pixels_to_CVPR_2018_paper.pdf },
year = {2015}
}

@article{edgeBased,
abstract = {},
author = {Hankyu Moon,Rama Chellappa,Azriel Rosenfeld},
title = {{Optimal Edge-Based Shape Detection}},
url = {},
year = {2002}
}

@article{hqi,
abstract = {},
author = {Bryan Catanzaro, Bor-Yiing Su, Narayanan Sundaram, Yunsup Lee, Mark Murphy, Kurt Keutzer},
title = {{Efficient, High-Quality Image Contour Detection}},
url = {},
year = {2009}
}


@article{ww,
abstract = {},
author = {Lei Zhai, Shouping Dong, Honglian Ma},
title = {{Recent Methods and Applications on Image Edge Detection}},
url = {},
year = {2008}
}


@article{deepCon,
abstract = {},
author = {Wei Shen, Xinggang Wang, Yan Wang, Xiang Bai, Zhijiang Zhang, Kurt Keutzer},
title = {{DeepContour: A Deep Convolutional Feature Learned by Positive-sharing Loss
for Contour Detection}},
url = {},
year = {2015}
}
